<record><leader>00000cas a22000007a 4500</leader><controlfield tag="001">13389685</controlfield><controlfield tag="008">860404d18341839pauwr ne      0    0ger  </controlfield><datafield ind1=" " ind2=" " tag="010"><subfield code="a">sn 86071315 </subfield></datafield><datafield ind1=" " ind2=" " tag="040"><subfield code="a">DLC</subfield><subfield code="b">eng</subfield><subfield code="c">DLC</subfield><subfield code="d">NPX</subfield><subfield code="d">OCLCQ</subfield></datafield><datafield ind1=" " ind2=" " tag="042"><subfield code="a">msc</subfield></datafield><datafield ind1="0" ind2="0" tag="050"><subfield code="a">Newspaper 9412</subfield></datafield><datafield ind1="0" ind2=" " tag="130"><subfield code="a">Northampton Democrat (Easton, Pa. : 1834)</subfield></datafield><datafield ind1="1" ind2="0" tag="245"><subfield code="a">Northampton Democrat.</subfield></datafield><datafield ind1=" " ind2=" " tag="260"><subfield code="a">Easton, Pa. :</subfield><subfield code="b">J.P. Hetrich,</subfield><subfield code="c">-1839.</subfield></datafield><datafield ind1=" " ind2=" " tag="300"><subfield code="a">v. :</subfield><subfield code="b">ill. ;</subfield><subfield code="c">51 cm.</subfield></datafield><datafield ind1=" " ind2=" " tag="310"><subfield code="a">Weekly</subfield></datafield><datafield ind1="0" ind2=" " tag="362"><subfield code="a">-Bd. 5, Nr. 23 (16. Jan. 1839).</subfield></datafield><datafield ind1="1" ind2=" " tag="362"><subfield code="a">Began with Aug. 16, 1834 issue.</subfield><subfield code="z">Cf. Rossell, G.E. Pa. newspapers.</subfield></datafield><datafield ind1=" " ind2=" " tag="546"><subfield code="a">In German.</subfield></datafield><datafield ind1=" " ind2=" " tag="588"><subfield code="a">Description based on: Bd. 1, Nr. 2 (27. Aug. 1834).</subfield></datafield><datafield ind1=" " ind2=" " tag="752"><subfield code="a">United States</subfield><subfield code="b">Pennsylvania</subfield><subfield code="c">Northampton</subfield><subfield code="d">Easton.</subfield></datafield><datafield ind1="0" ind2="7" tag="785"><subfield code="t">Lecha Patriot und Northampton Caunty wo&#776;chentlicher Anzeiger</subfield><subfield code="w">(DLC)sn 86071312</subfield></datafield><datafield ind1="0" ind2="7" tag="785"><subfield code="t">Lecha Patriot und Northampton Demokrat</subfield><subfield code="w">(DLC)sn 86071313</subfield></datafield><datafield ind1="1" ind2=" " tag="029"><subfield code="a">AU@</subfield><subfield code="b">000023435638</subfield></datafield></record>